@article{yang2018sixty,
  title={Sixty-five years of the long march in protein secondary structure prediction: the final stretch?},
  author={Yang, Yuedong and Gao, Jianzhao and Wang, Jihua and Heffernan, Rhys and Hanson, Jack and Paliwal, Kuldip and Zhou, Yaoqi},
  journal={Briefings in bioinformatics},
  volume={19},
  number={3},
  pages={482--494},
  year={2018},
  publisher={Oxford University Press}
}
@article{chou1974prediction,
  title={Prediction of protein conformation},
  author={Chou, Peter Y and Fasman, Gerald D},
  journal={Biochemistry},
  volume={13},
  number={2},
  pages={222--245},
  year={1974},
  publisher={ACS Publications}
}
@article{garnier1978analysis,
  title={Analysis of the accuracy and implications of simple methods for predicting the secondary structure of globular proteins},
  author={Garnier, Jean and Osguthorpe, David J and Robson, Barry},
  journal={Journal of molecular biology},
  volume={120},
  number={1},
  pages={97--120},
  year={1978},
  publisher={Academic Press}
}
@article{rost1993improved,
  title={Improved prediction of protein secondary structure by use of sequence profiles and neural networks},
  author={Rost, Burkhard and Sander, Chris},
  journal={Proceedings of the National Academy of Sciences},
  volume={90},
  number={16},
  pages={7558--7562},
  year={1993},
  publisher={National Acad Sciences}
}
@article{ward2003secondary,
  title={Secondary structure prediction with support vector machines},
  author={Ward, Jonathan J and McGuffin, Liam J and Buxton, Bernard F and Jones, David T},
  journal={Bioinformatics},
  volume={19},
  number={13},
  pages={1650--1655},
  year={2003},
  publisher={Oxford University Press}
}
@article{drozdetskiy2015jpred4,
  title={JPred4: a protein secondary structure prediction server},
  author={Drozdetskiy, Alexey and Cole, Christian and Procter, James and Barton, Geoffrey J},
  journal={Nucleic acids research},
  volume={43},
  number={W1},
  pages={W389--W394},
  year={2015},
  publisher={Oxford University Press}
}
@article{fox2014chandonia,
  title={Chandonia John-Marc. SCOPe: Structural Classification of Proteins--extended, integrating SCOP and ASTRAL data and classification of new structures},
  author={Fox Naomi, K and Brenner Steven, E},
  journal={Nucleic Acids Res},
  volume={42},
  number={1},
  pages={D304--D309},
  year={2014}
}
@article{berman2000protein,
  title={The protein data bank},
  author={Berman, Helen M and Westbrook, John and Feng, Zukang and Gilliland, Gary and Bhat, Talapady N and Weissig, Helge and Shindyalov, Ilya N and Bourne, Philip E},
  journal={Nucleic acids research},
  volume={28},
  number={1},
  pages={235--242},
  year={2000},
  publisher={Oxford University Press}
}
@article{steinegger2017mmseqs2,
  title={MMseqs2 enables sensitive protein sequence searching for the analysis of massive data sets},
  author={Steinegger, Martin and S{\"o}ding, Johannes},
  journal={Nature biotechnology},
  volume={35},
  number={11},
  pages={1026--1028},
  year={2017},
  publisher={Nature Publishing Group}
}
@article{altschul1990basic,
  title={Basic local alignment search tool},
  author={Altschul, Stephen F and Gish, Warren and Miller, Webb and Myers, Eugene W and Lipman, David J},
  journal={Journal of molecular biology},
  volume={215},
  number={3},
  pages={403--410},
  year={1990},
  publisher={Elsevier}
}
@article{kabsch1983dictionary,
  title={Dictionary of protein secondary structure: pattern recognition of hydrogen-bonded and geometrical features},
  author={Kabsch, Wolfgang and Sander, Christian},
  journal={Biopolymers: Original Research on Biomolecules},
  volume={22},
  number={12},
  pages={2577--2637},
  year={1983},
  publisher={Wiley Online Library}
}
@article{uniprot2019uniprot,
  title={UniProt: a worldwide hub of protein knowledge},
  author={UniProt Consortium},
  journal={Nucleic acids research},
  volume={47},
  number={D1},
  pages={D506--D515},
  year={2019},
  publisher={Oxford University Press}
}
@article{altschul1997gapped,
  title={Gapped BLAST and PSI-BLAST: a new generation of protein database search programs},
  author={Altschul, Stephen F and Madden, Thomas L and Sch{\"a}ffer, Alejandro A and Zhang, Jinghui and Zhang, Zheng and Miller, Webb and Lipman, David J},
  journal={Nucleic acids research},
  volume={25},
  number={17},
  pages={3389--3402},
  year={1997},
  publisher={Oxford University Press}
}
@article{kloczkowski2002combining,
  title={Combining the GOR V algorithm with evolutionary information for protein secondary structure prediction from amino acid sequence},
  author={Kloczkowski, A and Ting, K-L and Jernigan, RL and Garnier, JJPS},
  journal={Proteins: Structure, Function, and Bioinformatics},
  volume={49},
  number={2},
  pages={154--166},
  year={2002},
  publisher={Wiley Online Library}
}
@article{gunn1998support,
  title={Support vector machines for classification and regression},
  author={Gunn, Steve R and others},
  journal={ISIS technical report},
  volume={14},
  number={1},
  pages={5--16},
  year={1998}
}
@article{pedregosa2011scikit,
  title={Scikit-learn: Machine learning in Python},
  author={Pedregosa, Fabian and Varoquaux, Ga{\"e}l and Gramfort, Alexandre and Michel, Vincent and Thirion, Bertrand and Grisel, Olivier and Blondel, Mathieu and Prettenhofer, Peter and Weiss, Ron and Dubourg, Vincent and others},
  journal={the Journal of machine Learning research},
  volume={12},
  pages={2825--2830},
  year={2011},
  publisher={JMLR. org}
}
@article{ward2003secondary,
  title={Secondary structure prediction with support vector machines},
  author={Ward, Jonathan J and McGuffin, Liam J and Buxton, Bernard F and Jones, David T},
  journal={Bioinformatics},
  volume={19},
  number={13},
  pages={1650--1655},
  year={2003},
  publisher={Oxford University Press}
}
@article{chang2011libsvm,
  title={LIBSVM: A library for support vector machines},
  author={Chang, Chih-Chung and Lin, Chih-Jen},
  journal={ACM transactions on intelligent systems and technology (TIST)},
  volume={2},
  number={3},
  pages={1--27},
  year={2011},
  publisher={Acm New York, NY, USA}
}
@article{spencer2014deep,
  title={A deep learning network approach to ab initio protein secondary structure prediction},
  author={Spencer, Matt and Eickholt, Jesse and Cheng, Jianlin},
  journal={IEEE/ACM transactions on computational biology and bioinformatics},
  volume={12},
  number={1},
  pages={103--112},
  year={2014},
  publisher={IEEE}
}
@article{jones1999protein,
  title={Protein secondary structure prediction based on position-specific scoring matrices},
  author={Jones, David T},
  journal={Journal of molecular biology},
  volume={292},
  number={2},
  pages={195--202},
  year={1999},
  publisher={Elsevier}
}
@article{magnan2014sspro,
  title={SSpro/ACCpro 5: almost perfect prediction of protein secondary structure and relative solvent accessibility using profiles, machine learning and structural similarity},
  author={Magnan, Christophe N and Baldi, Pierre},
  journal={Bioinformatics},
  volume={30},
  number={18},
  pages={2592--2597},
  year={2014},
  publisher={Oxford University Press}
}
@article{drozdetskiy2015jpred4,
  title={JPred4: a protein secondary structure prediction server},
  author={Drozdetskiy, Alexey and Cole, Christian and Procter, James and Barton, Geoffrey J},
  journal={Nucleic acids research},
  volume={43},
  number={W1},
  pages={W389--W394},
  year={2015},
  publisher={Oxford University Press}
}
@article{rost1993improved,
  title={Improved prediction of protein secondary structure by use of sequence profiles and neural networks},
  author={Rost, Burkhard and Sander, Chris},
  journal={Proceedings of the National Academy of Sciences},
  volume={90},
  number={16},
  pages={7558--7562},
  year={1993},
  publisher={National Acad Sciences}
}
@article{sen2005gor,
  title={GOR V server for protein secondary structure prediction},
  author={Sen, Taner Z and Jernigan, Robert L and Garnier, Jean and Kloczkowski, Andrzej},
  journal={Bioinformatics},
  volume={21},
  number={11},
  pages={2787--2788},
  year={2005},
  publisher={Oxford University Press}
}
@article{crooks2004protein,
  title={Protein secondary structure: entropy, correlations and prediction},
  author={Crooks, Gavin E and Brenner, Steven E},
  journal={Bioinformatics},
  volume={20},
  number={10},
  pages={1603--1611},
  year={2004},
  publisher={Oxford University Press}
}
@article{rost2001protein,
  title={Protein secondary structure prediction continues to rise},
  author={Rost, Burkhard},
  journal={Journal of structural biology},
  volume={134},
  number={2-3},
  pages={204--218},
  year={2001},
  publisher={Elsevier}
}
@article{malkov2005correlations,
  title={Correlations of amino acids with secondary structure types: connection with amino acid structure},
  author={Malkov, Sasa and Zivkovic, Miodrag V and Beljanski, Milos V and Zaric, Snezana D},
  journal={arXiv preprint q-bio/0505046},
  year={2005}
}